@inproceedings{kreps2011kafka,
  title={Kafka: A distributed messaging system for log processing},
  author={Kreps, Jay and Narkhede, Neha and Rao, Jun and others},
  booktitle={Proceedings of the NetDB},
  pages={1--7},
  year={2011}
}

@article{zaharia2010spark,
  title={Spark: Cluster computing with working sets.},
  author={Zaharia, Matei and Chowdhury, Mosharaf and Franklin, Michael J and Shenker, Scott and Stoica, Ion},
  journal={HotCloud},
  volume={10},
  number={10-10},
  pages={95},
  year={2010}
}

@article{basso1982iterative,
  title={Iterative methods for the localization of the global maximum},
  author={Basso, Patricio},
  journal={SIAM Journal on Numerical Analysis},
  volume={19},
  number={4},
  pages={781--792},
  year={1982},
  publisher={SIAM}
}

@article{LIU2013476,
    title = "Convergence properties of the least squares estimation algorithm for multivariable systems",
    journal = "Applied Mathematical Modelling",
    volume = "37",
    number = "1",
    pages = "476 - 483",
    year = "2013",
    issn = "0307-904X",
    doi = "https://doi.org/10.1016/j.apm.2012.03.007",
    url = "http://www.sciencedirect.com/science/article/pii/S0307904X1200145X",
    author = "Yanjun Liu and Feng Ding",
    keywords = "Recursive identification, Parameter estimation, Multivariable systems, Least squares, Convergence properties",
    abstract = "This paper focuses on the convergence properties of the least squares parameter estimation algorithm for multivariable systems that can be parameterized into a class of multivariate linear regression models. The performance analysis of the algorithm by using the stochastic process theory and the martingale convergence theorem indicates that the parameter estimation errors converge to zero under weak conditions. The simulation results validate the proposed theorem."
}

@article{johnstone1982exponential,
  title={Exponential convergence of recursive least squares with exponential forgetting factor},
  author={Johnstone, Richard M and Johnson Jr, C Richard and Bitmead, Robert R and Anderson, Brian DO},
  journal={Systems \& Control Letters},
  volume={2},
  number={2},
  pages={77--82},
  year={1982},
  publisher={Elsevier}
}